@article{knuth1978art,
  title={The art of computer programming. Vol. 1: Fundamental algorithms},
  author={Knuth, Donald E},
  journal={Atmospheric Chemistry \& Physics},
  year={1978}
}
@InProceedings{manning-EtAl:2014:P14-5,
  author    = {Manning, Christopher D. and  Surdeanu, Mihai  and  Bauer, John  and  Finkel, Jenny  and  Bethard, Steven J. and  McClosky, David},
  title     = {The {Stanford} {CoreNLP} Natural Language Processing Toolkit},
  booktitle = {Association for Computational Linguistics (ACL) System Demonstrations},
  year      = {2014},
  pages     = {55--60},
  url       = {http://www.aclweb.org/anthology/P/P14/P14-5010}
}
@misc{html5specification,
  author={WHATWG},
  title={HTML Standard},
  note={\url{https://html.spec.whatwg.org/multipage/parsing.html}},
  year={2020}
}
@misc{html5lib-tests,
  author={James Graham, Geoffrey Sneddon},
  title={html5lib-tests},
  note={\url{https://github.com/html5lib/html5lib-tests}},
  year={2020}
}
@misc{pennTreebankTags,
  author={Jeanette Pettibone},
  title={Penn Treebank II Tags},
  note={\url{https://web.archive.org/web/20130517134339/http://bulba.sdsu.edu/jeanette/thesis/PennTags.html}},
  year={2020}
}
@article{arm,
  title={Formal Semantics Extraction from Natural Language Specifications for ARM},
  author={Mizuhito Ogawa},
  journal={Formal Methods â€“ The Next 30 Years},
  year={2019}
}